@incollection{FTAvionics,
	address = "Williamsburg, Virginia, U.S.A.",
	author = "Hitt, Ellis F. and Mulcare, Dennis",
	booktitle = "{Avionics Development and Implementation Second Edition}",
	chapter = 8,
	editor = "Spitzer, Cary R.",
	publisher = "CRC Press",
	title = "{Fault-Tolerant Avionics}",
	year = 2007
}

@book{FTDesign,
	address = "New York, U.S.A.",
	author = "Dubrova, Elena",
	edition = 1,
	editor = "Spitzer, Cary R.",
	publisher = "Springer-Verlag New York",
	title = "{Fault-Tolerant Design: an introduce}",
	year = 2013
}

@phdthesis{FTFligthControlUnmannedAerialVehicle,
	author = "Ducard, Guillaume Jacques Joseph",
	school = "Swiss Federal Institue of Technology Zurich",
	title = "{Fault-Tolerant Flight Control and Guidance Systems for a Small Unmanned Aerial Vehicle}",
	year = "2007"
}

@article{Anderson83,
	author = "Anderson, Thomas and Knight, John C.",
	journal = "IEEE Trans. Software Eng.",
	number = 3,
	pages = "355--364",
	title = "{A Framework for Software Fault Tolerance in Real-Time Systems.}",
	year = 1983
}

@book{FaultTolerantFlightControl,
	author = "Edwards, Cristopher and Lobaerts, Thomas and Smaili, Hafid",
	isbn = "978-3-642-11689-6",
	issn = "0170-8643",
	location = "Berlin",
	publisher = "Springer-Verlag",
	title = "{Fault Tolerant Flight Control. A benchmarck challenge}",
	year = "2010"
}

@phdthesis{FTFligthControlUnmannedAerialVehicle,
	author = "Ducard, Guillaume Jacques Joseph",
	school = "Swiss Federal Institue of Technology Zurich",
	title = "{Fault-Tolerant Flight Control and Guidance Systems for a Small Unmanned Aerial Vehicle}",
	year = "2007"
}

@electronic{SysMLWeb,
	author = "{SysML}",
	title = "{\texttt{http://sysml.org/}}",
	year = "2 de {J}unio de 2016"
}

@electronic{MARTEWeb,
	author = "{MARTE}",
	title = "{\texttt{http://www.omgmarte.org/}}",
	year = "3 de {J}unio de 2016"
}

@electronic{PapyrusWeb,
	author = "{Papyrus}",
	title = "{\texttt{http://eclipse.org/papyrus/}}",
	year = "3 de {J}unio de 2016"
}

@book{Friedenthal2008,
	address = "San Francisco, CA, USA",
	author = "Friedenthal, Sanford and Moore, Alan and Steiner, Rick",
	publisher = "Morgan Kaufmann Publishers Inc.",
	title = "{A Practical Guide to SysML: Systems Modeling Language}",
	year = 2008
}

@book{HoltPery,
	address = "London, United Kingdom",
	author = "Holt, Jon and Perry, Simon",
	isbn = "978086341825",
	publisher = "The Institution of Engineering and Technology",
	title = "{SysML for systems engineering.}",
	year = 2008
}

@techreport{SoftwareFaultToleranceATutorial,
	address = "Hampton, Virginia",
	author = "Torres-Pomales, Wilfredo",
	institution = "National Aeronautics and Space Administration Langley Research Center",
	month = "October",
	number = "NASA/TM-2000-210616",
	pages = "66",
	title = "{Software Fault Tolerance: A tutorial}",
	year = "2000"
}

@book{Lyu95,
	address = "Chichester, New York, USA",
	author = "Lyu, Michael R.",
	isbn = "9780471950684",
	publisher = "John Wiley and Sons Ltd",
	title = "{Software Fault Tolerance}",
	year = "1995"
}

@book{pressman01,
	added-at = "2008-04-30T12:59:47.000+0200",
	author = "Pressman, Roger S.",
	edition = "fifth edition",
	groupsearch = "0",
	interhash = "c32db69172329ec99701021b271bbca7",
	intrahash = "2afb966cc085de321d86d9db9e58fea8",
	keywords = "imported",
	publisher = "McGraw-Hill",
	timestamp = "2008-04-30T13:00:24.000+0200",
	title = "{Software Engineering, A Practioner's Approach}",
	x-fetchedfrom = "Bibsonomy",
	year = "2001"
}

@book{SpaceSystemFailures,
   title =     {Space Systems Failures: Disasters and Rescues of Satellites, Rockets and Space Probes},
   author =    {David M. Harland, Dr Ralph D. Lorenz (auth.)},
   publisher = {Praxis},
   isbn =      {978-0-387-21519-8,978-0-387-27961-9},
   year =      {2005},
   series =    {Springer Praxis Books},
   edition =   {1},
}

@electronic{MarsClimateOrbiterFailureWeb,
	title = "{Mars Climate Orbiter Failure Report - NASA}",
	author = "{Douglas Isbell and Don Savage}",
	title = "{\texttt{http://eclipse.org/papyrus/}}",
	year = "1999"
}

@book{Hanmer07,
	address = "England",
	author = "Hanmer, Robert S.",
	isbn = "978-0-470-31979-6",
	publisher = "John Wiley and Sons Ltd",
	title = "{Patterns for Fault Tolerant Software}",
	year = "2007"
}

@book{Pullum01,
	address = "USA",
	author = "Pullum, Laura L.",
	isbn = "1-58053-137-7",
	publisher = "Artech House",
	title = "{Software fault tolerance techniques and implementation}",
	year = "2001"
}

@techreport{IEEE610.12,
   AUTHOR = "IEEE",
   TITLE = "{IEEE Standard Glossary of Software Engineering Terminology}",
   HOWPUBLISHED = {Internet Requests for Comments},
   TYPE="{Std.}",
   NUMBER="{610.12-1990}",
   PAGES = {1-84},
   YEAR = "1990",
   PUBLISHER = "{The Institute of Electrical and Electronics Engineers}",
   INSTITUTION = "{IEEE}",
}

@ARTICLE{Gangloff75,
	author={W. C. Gangloff},
	journal={IEEE Transactions on Power Apparatus and Systems},
	title={Common mode failure analysis},
	year={1975},
	volume={94},
	number={1},
	pages={27-30},
	keywords={Control equipment;Control systems;Failure analysis;Fires;Floods;Humans;Inductors;Protection;Redundancy;Tornadoes},
	doi={10.1109/T-PAS.1975.31820},
	ISSN={0018-9510},
	month={Jan}
}

@comment{jabref-meta: selector_publisher:}

@comment{jabref-meta: selector_author:}

@comment{jabref-meta: selector_journal:}

@comment{jabref-meta: selector_keywords:}

